

@book{chaturvedi2008soft,
  title={Soft computing: techniques and its applications in electrical engineering},
  author={Chaturvedi, Devendra K},
  volume={103},
  pages={24--32},
  year={2008},
  publisher={Springer}
}



@article{tu1996advantages,
  title={Advantages and disadvantages of using artificial neural networks versus logistic regression for predicting medical outcomes},
  author={Tu, Jack V},
  journal={Journal of clinical epidemiology},
  volume={49},
  number={11},
  pages={1225--1231},
  year={1996},
  publisher={Elsevier}
}


@book{nielsen2015neural,
  title={Neural networks and deep learning},
  author={Nielsen, Michael A},
  pages={20--67},
  year={2015},
  publisher={Determination Press}
}
  

@book{heaton2008introduction,
  title={Introduction to neural networks with Java},
  author={Heaton, Jeff},
  pages={56--78},
  year={2008},
  publisher={Heaton Research, Inc.}
}
  
@Manual{beck2016neural,
    title = {{NeuralNetTools: Visualization and Analysis Tools for
      Neural Networks}},
    author = {Marcus Beck},
    year = {2016},
    note = {R package version 1.5.0},
    url = {https://CRAN.R-project.org/package=NeuralNetTools}
}
    
@article{yusuff2012breast,
  title={Breast cancer analysis using logistic regression},
  author={Yusuff, H and Mohamad, N and Ngah, U and Yahaya, A},
  journal={International Journal of Research And Applied Studies},
  volume={11},
  pages={5--24},
  year={2012}
}
  
@article{pereira2016logistic,
  title={The logistic lasso and ridge regression in predicting corporate failure},
  author={Pereira, Jose Manuel and Basto, Mario and da Silva, Amelia Ferreira},
  journal={Procedia Economics and Finance},
  volume={39},
  pages={634--641},
  year={2016},
  publisher={Elsevier}
}
  
@book{witten2016data,
  title={Data Mining: Practical machine learning tools and techniques},
  author={Witten, Ian H and Frank, Eibe and Hall, Mark A and Pal, Christopher J},
  pages={43--82},
  year={2016},
  publisher={Morgan Kaufmann}
}
  
@article{urbanke2015predicting,
  title={Predicting Product Returns in E-Commerce: The Contribution of Mahalanobis Feature Extraction},
  author={Urbanke, Patrick and Kranz, Johann and Kolbe, Lutz},
  pages={205--232},
  year={2015}
}
  
@article{wood2001remote,
  title={Remote purchase environments: The influence of return policy leniency on two-stage decision processes},
  author={Wood, Stacy L},
  journal={Journal of Marketing Research},
  volume={38},
  number={2},
  pages={157--169},
  year={2001},
  publisher={American Marketing Association}
}

@article{petersen2009product,
  title={Are product returns a necessary evil? Antecedents and consequences},
  author={Petersen, J Andrew and Kumar, V},
  journal={Journal of Marketing},
  volume={73},
  number={3},
  pages={35--51},
  year={2009},
  publisher={American Marketing Association}
}
  
  
@online{WinNT1,
  author = {Jason Brownlee},
  title = {{Machine Learning} -How to Use a Machine Learning Checklist to Get Accurate Predictions},
  year = 2015,
  url = {https://machinelearningmastery.com/machine-learning-checklist/},
  urldate = {2018-02-11}
}
  
@online{WinNT2,
  author = {Jason Brownlee},
  title = {{Feature Engineering} -Discover Feature Engineering, How to Engineer Features and How to Get Good at It},
  year = 2014,
  url = {https://machinelearningmastery.com/discover-feature-engineering
  -how-to-engineer-features-and-how-to-get-good-at-it/},
  urldate = {2018-02-11}
}

@online{WinNT4,
  author = {Jason Brownlee},
  title = {{Feature Selection} -Improve Accuracy and Decrease Training Time},
  year = 2014,
  url = {https://machinelearningmastery.com/feature-selection-to-improve-
  accuracy-and-decrease-training-time/},
  urldate = {2018-02-11}
}  
  
@online{WinNT3,
  author = {Sunil Ray},
  title = {{A Comprehensive Guide to Data Exploration} },
  year = 2016,
  url = {https://www.analyticsvidhya.com/blog/2016/01/guide-data-
  exploration/},
  urldate = {2018-02-11}
}

@online{WinNT5,
  author = {Ben Gorman},
  title = {{A Kaggler's Guide to Model Stacking in Practice} },
  year = 2016,
  url = {http://blog.kaggle.com/2016/12/27/a-kagglers-guide-to-model-
  stacking-in-practice/},
  urldate = {2018-02-11}
}
@online{WinNT6,
  author = {David Aerne},
  title = {{Color Names}},
  year = 2017,
  url = {https://github.com/meodai/color-names},
  urldate = {2018-02-11}
}
 @inproceedings{ling2003auc,
  title={AUC: a better measure than accuracy in comparing learning algorithms},
  author={Ling, Charles X and Huang, Jin and Zhang, Harry},
  booktitle={Conference of the canadian society for computational studies of intelligence},
  pages={329--341},
  year={2003},
  organization={Springer}
}

@inproceedings{sheng2006thresholding,
  title={Thresholding for making classifiers cost-sensitive},
  author={Sheng, Victor S and Ling, Charles X},
  booktitle={AAAI},
  pages={476--481},
  year={2006}
}

@article{asdecker2015returning,
  title={Returning mail-order goods: analyzing the relationship between the rate of returns and the associated costs},
  author={Asdecker, Bj{\"o}rn},
  journal={Logistics Research},
  volume={8},
  number={1},
  pages={3},
  year={2015},
  publisher={Springer}
}

@article{pur2013retourenmanagement,
  title={Retourenmanagement im Online-Handel--Das Beste daraus machen},
  author={Pur, Sabine and Stahl, Ernst and Wittmann, Michael and Wittmann, Georg and Weinfurtner, Stefan},
  journal={Daten, Fakten und Status quo. Ibi Research, Regensburg},
  pages={20--43},
  year={2013}
}

@article{vucetic2000regression,
  title={A regression-based approach for scaling-up personalized recommender systems in e-commerce},
  author={Vucetic, Slobodan and Obradovic, Zoran},
  journal={WEBKDDâ€™00},
   pages={79--120},
  year={2000}
}

@inproceedings{louppe2013understanding,
  title={Understanding variable importances in forests of randomized trees},
  author={Louppe, Gilles and Wehenkel, Louis and Sutera, Antonio and Geurts, Pierre},
  booktitle={Advances in neural information processing systems},
  pages={431--439},
  year={2013}
}

@inproceedings{krogh1992simple,
  title={A simple weight decay can improve generalization},
  author={Krogh, Anders and Hertz, John A},
  booktitle={Advances in neural information processing systems},
  pages={950--957},
  year={1992}
}

@book{abbott2014applied,
  title={Applied predictive analytics: Principles and techniques for the professional data analyst},
  author={Abbott, Dean},
  pages={430--452},
  year={2014},
  publisher={John Wiley \& Sons}
}

@article{safavian1991survey,
  title={A survey of decision tree classifier methodology},
  author={Safavian, S Rasoul and Landgrebe, David},
  journal={IEEE transactions on systems, man, and cybernetics},
  volume={21},
  number={3},
  pages={660--674},
  year={1991},
  publisher={IEEE}
}
  
@misc{breiman1996out,
  title={Out-of-bag estimation},
  author={Breiman, Leo},
   pages={140--172},
  year={1996},
  publisher={Citeseer}
}
  
@article{breiman2001random,
  title={Random forests},
  author={Breiman, Leo},
  journal={Machine learning},
  volume={45},
  number={1},
  pages={5--32},
  year={2001},
  publisher={Springer}
}
  
@article{lessmann2015benchmarking,
  title={Benchmarking state-of-the-art classification algorithms for credit scoring: An update of research},
  author={Lessmann, Stefan and Baesens, Bart and Seow, Hsin-Vonn and Thomas, Lyn C},
  journal={European Journal of Operational Research},
  volume={247},
  number={1},
  pages={124--136},
  year={2015},
  publisher={Elsevier}
}

@article{lohse2000consumer,
  title={Consumer buying behavior on the Internet: Findings from panel data},
  author={Lohse, Gerald and Bellman, Steven and Johnson, Eric J},
  year={2000}
}

@article{anselmsson2006sources,
  title={Sources of customer satisfaction with shopping malls: a comparative study of different customer segments},
  author={Anselmsson, Johan},
  journal={International Review of Retail, Distribution and Consumer Research},
  volume={16},
  number={1},
  pages={115--138},
  year={2006},
  publisher={Taylor \& Francis}
}

@article{simidjievski2016modeling,
  title={Modeling dynamic systems with efficient ensembles of process-based models},
  author={Simidjievski, Nikola and Todorovski, Ljup{\v{c}}o and D{\v{z}}eroski, Sa{\v{s}}o},
  journal={PloS one},
  volume={11},
  number={4},
  pages={110-124},
  year={2016},
  publisher={Public Library of Science}
}

@article{hand2007principles,
  title={Principles of data mining},
  author={Hand, David J},
  journal={Drug safety},
  volume={30},
  number={7},
  pages={621--622},
  year={2007},
  publisher={Springer}
}

@article{nicodemus2009predictor,
  title={Predictor correlation impacts machine learning algorithms: implications for genomic studies},
  author={Nicodemus, Kristin K and Malley, James D},
  journal={Bioinformatics},
  volume={25},
  number={15},
  pages={1884--1890},
  year={2009},
  publisher={Oxford University Press}
}
  
@inproceedings{zadrozny2003cost,
  title={Cost-sensitive learning by cost-proportionate example weighting},
  author={Zadrozny, Bianca and Langford, John and Abe, Naoki},
  booktitle={Data Mining, 2003. ICDM 2003. Third IEEE International Conference on},
  pages={435--442},
  year={2003},
  organization={IEEE}
}
  
@article{yu2008hybrid,
  title={A hybrid mining approach for optimizing returns policies in e-retailing},
  author={Yu, Chien-Chih and Wang, Chen-Shu},
  journal={Expert Systems with Applications},
  volume={35},
  number={4},
  pages={1575--1582},
  year={2008},
  publisher={Elsevier}
}

@article{crook2007recent,
  title={Recent developments in consumer credit risk assessment},
  author={Crook, Jonathan N and Edelman, David B and Thomas, Lyn C},
  journal={European Journal of Operational Research},
  volume={183},
  number={3},
  pages={1447--1465},
  year={2007},
  publisher={Elsevier}
}  
@article{kumar2007bankruptcy,
  title={Bankruptcy prediction in banks and firms via statistical and intelligent techniques--A review},
  author={Kumar, P Ravi and Ravi, Vadlamani},
  journal={European journal of operational research},
  volume={180},
  number={1},
  pages={1--28},
  year={2007},
  publisher={Elsevier}
}
@article{gough2007weight,
  title={Weight of evidence: a framework for the appraisal of the quality and relevance of evidence},
  author={Gough, David},
  journal={Research papers in education},
  volume={22},
  number={2},
  pages={213--228},
  year={2007},
  publisher={Taylor \& Francis}
} 

@article{HAUGHTON199742,
title = "Direct marketing modeling with CART and CHAID",
journal = "Journal of Interactive Marketing",
volume = "11",
number = "4",
pages = "42 - 52",
year = "1997",
issn = "1094-9968",
url = "http://www.sciencedirect.com/science/article/pii
/S1094996897707576",
author = "Dominique Haughton and Samer Oulabi"
}

@misc{therneau1997introduction,
  title={An introduction to recursive partitioning using the RPART routines},
  author={Therneau, Terry M and Atkinson, Elizabeth J and others},
  year={1997},
  publisher={Technical Report 61. URL http://www. mayo. edu/hsr/techrpt/61. pdf}
}

@inproceedings{metz1978basic,
  title={Basic principles of ROC analysis},
  author={Metz, Charles E},
  booktitle={Seminars in nuclear medicine},
  volume={8},
  number={4},
  pages={283--298},
  year={1978},
  organization={Elsevier}
}
@article{wod1985weight,
  title={Weight of evidence: A brief survey},
  author={Wod, IJ},
  year={1985},
  publisher={Citeseer}
}

@article{cameron1988new,
  title={A new paradigm for valuing non-market goods using referendum data: maximum likelihood estimation by censored logistic regression},
  author={Cameron, Trudy Ann},
  journal={Journal of environmental economics and management},
  volume={15},
  number={3},
  pages={355--379},
  year={1988},
  publisher={Elsevier}
}
@inproceedings{ogutu2012genomic,
  title={Genomic selection using regularized linear regression models: ridge regression, lasso, elastic net and their extensions},
  author={Ogutu, Joseph O and Schulz-Streeck, Torben and Piepho, Hans-Peter},
  booktitle={BMC proceedings},
  volume={6},
  number={2},
  pages={S10},
  year={2012},
  organization={BioMed Central}
}

@book{nielsen2015neural,
  title={Neural networks and deep learning},
  author={Nielsen, Michael A},
  year={2015},
  publisher={Determination Press}
}